<?xml version="1.0" encoding="UTF-8"?><record xmlns="http://www.loc.gov/MARC21/slim" xmlns:cinclude="http://apache.org/cocoon/include/1.0" xmlns:zs="http://www.loc.gov/zing/srw/">
  <leader>00527cz  a2200133n  4500</leader>
  <controlfield tag="001">n  87106267 </controlfield>
  <controlfield tag="003">DLC</controlfield>
  <controlfield tag="005">19960228092645.5</controlfield>
  <controlfield tag="008">870624n| acannaab|          |n ana |||  </controlfield>
  <datafield tag="010" ind1=" " ind2=" ">
    <subfield code="a">n  87106267 </subfield>
  </datafield>
  <datafield tag="040" ind1=" " ind2=" ">
    <subfield code="a">DLC</subfield>
    <subfield code="c">DLC</subfield>
    <subfield code="d">DLC</subfield>
  </datafield>
  <datafield tag="110" ind1="2" ind2="0">
    <subfield code="a">Central Synagogue (New York, N.Y.)</subfield>
  </datafield>
  <datafield tag="670" ind1=" " ind2=" ">
    <subfield code="a">nuc87-59841: Central Synagogue, 140 years, 1979</subfield>
    <subfield code="b">(hdg. on WHi rept.: Central Synagogue (New York, N.Y.); usage: Central Synagogue)</subfield>
  </datafield>
  <datafield tag="670" ind1=" " ind2=" ">
    <subfield code="a">NUCMC data from American Jewish Archives for Its Records, 1859-1932</subfield>
    <subfield code="b">(Central Synagogue, New York, N.Y.)</subfield>
  </datafield>
</record>